@article{刘海洋2013latex,
  title={LATEX 入门},
  author={刘海洋},
  journal={电子工业出版社, 北京},
  year={2013}
}